<?xml version="1.0" encoding="UTF-8"?><record xmlns="http://www.loc.gov/MARC21/slim" xmlns:cinclude="http://apache.org/cocoon/include/1.0" xmlns:zs="http://www.loc.gov/zing/srw/">
  <leader>01232nz  a2200217n  4500</leader>
  <controlfield tag="001">nb2015011717</controlfield>
  <controlfield tag="003">DLC</controlfield>
  <controlfield tag="005">20150620050906.0</controlfield>
  <controlfield tag="008">150619n| azannaabn          |n aaa      </controlfield>
  <datafield tag="010" ind1=" " ind2=" ">
    <subfield code="a">nb2015011717</subfield>
  </datafield>
  <datafield tag="035" ind1=" " ind2=" ">
    <subfield code="a">(Uk)009363739</subfield>
  </datafield>
  <datafield tag="040" ind1=" " ind2=" ">
    <subfield code="a">Uk</subfield>
    <subfield code="b">eng</subfield>
    <subfield code="e">rda</subfield>
    <subfield code="c">Uk</subfield>
  </datafield>
  <datafield tag="046" ind1=" " ind2=" ">
    <subfield code="s">20</subfield>
  </datafield>
  <datafield tag="100" ind1="1" ind2=" ">
    <subfield code="a">Meade, Thomas J.</subfield>
  </datafield>
  <datafield tag="370" ind1=" " ind2=" ">
    <subfield code="c">United States</subfield>
    <subfield code="f">Evanston (Ill.)</subfield>
    <subfield code="2">naf</subfield>
  </datafield>
  <datafield tag="372" ind1=" " ind2=" ">
    <subfield code="a">Bioinorganic chemistry</subfield>
    <subfield code="a">Nanotechnology</subfield>
    <subfield code="2">lcsh</subfield>
  </datafield>
  <datafield tag="373" ind1=" " ind2=" ">
    <subfield code="a">Northwestern University (Evanston, Ill.). International Institute for Nanotechnology</subfield>
    <subfield code="a">Northwestern University (Evanston, Ill.). Department of Chemistry</subfield>
  </datafield>
  <datafield tag="375" ind1=" " ind2=" ">
    <subfield code="a">male</subfield>
  </datafield>
  <datafield tag="377" ind1=" " ind2=" ">
    <subfield code="a">eng</subfield>
  </datafield>
  <datafield tag="670" ind1=" " ind2=" ">
    <subfield code="a">Nanotechnology-based precision tools for the detection and treatment of cancer, [2015]:</subfield>
    <subfield code="b">title page (Thomas J. Meade) title page verso (Thomas J. Meade, Department of Chemistry and International Institute for Nanotechnology, Northwestern University, Evanston, IL, USA)</subfield>
  </datafield>
  <datafield tag="670" ind1=" " ind2=" ">
    <subfield code="a">Northwestern University website, viewed 18 June 2015</subfield>
    <subfield code="b">(Professor Meade's research focuses on bioinorganic coordination chemistry and its application in research that include biological molecular imaging, electron transfer processes and the development of electronic biosensors for the detection of DNA and proteins)</subfield>
  </datafield>
</record>